@inproceedings{wooldridge1996production,
  title={Production sequencing as negotiation},
  author={Wooldridge, Michael and Bussmann, Stefan and Klosterberg, Marcus},
  booktitle={Proceedings of the First International Conference on the Practical Application of Intelligent Agents and Multi-Agent Technology (PAAM-96)},
  pages={709--726},
  year={1996}
}

@misc{spade,
  title={{Documentation of SPADE - Smart Python Agent Development Environment}},
  author={Palanca, Javi}, 
  note={\\URL: \url{https://spade-mas.readthedocs.io/}}, 
  journal={Welcome to SPADE's documentation! - SPADE 3.1.6 documentation}
}

@book{luce1958games,
  title={Games and decisions: Introduction and critical survey},
  author={Luce, Robert Duncan and Raiffa, Howard},
  year={1958},
  publisher={Wiley New York}
}

@book{rosenschein1994rules,
  title={Rules of encounter: designing conventions for automated negotiation among computers},
  author={Rosenschein, Jeffrey S and Zlotkin, Gilad},
  year={1994},
  publisher={MIT press}
}